%YAML 1.1
%TAG !u! tag:unity3d.com,2011:
--- !u!1 &92826605181409008
GameObject:
  m_ObjectHideFlags: 0
  m_CorrespondingSourceObject: {fileID: 0}
  m_PrefabInstance: {fileID: 0}
  m_PrefabAsset: {fileID: 0}
  serializedVersion: 6
  m_Component:
  - component: {fileID: 324129568824929748}
  - component: {fileID: 7804196383016203436}
  - component: {fileID: 8594858085902548693}
  - component: {fileID: 6761497052831793788}
  - component: {fileID: 1181104552697728858}
  m_Layer: 0
  m_Name: TentacleSegment
  m_TagString: Untagged
  m_Icon: {fileID: 0}
  m_NavMeshLayer: 0
  m_StaticEditorFlags: 0
  m_IsActive: 1
--- !u!4 &324129568824929748
Transform:
  m_ObjectHideFlags: 0
  m_CorrespondingSourceObject: {fileID: 0}
  m_PrefabInstance: {fileID: 0}
  m_PrefabAsset: {fileID: 0}
  m_GameObject: {fileID: 92826605181409008}
  m_LocalRotation: {x: 0, y: 0, z: 0, w: 1}
  m_LocalPosition: {x: 0, y: 0, z: 0}
  m_LocalScale: {x: 1, y: 1, z: 1}
  m_ConstrainProportionsScale: 0
  m_Children: []
  m_Father: {fileID: 0}
  m_RootOrder: 0
  m_LocalEulerAnglesHint: {x: 0, y: 0, z: 0}
--- !u!114 &7804196383016203436
MonoBehaviour:
  m_ObjectHideFlags: 0
  m_CorrespondingSourceObject: {fileID: 0}
  m_PrefabInstance: {fileID: 0}
  m_PrefabAsset: {fileID: 0}
  m_GameObject: {fileID: 92826605181409008}
  m_Enabled: 1
  m_EditorHideFlags: 0
  m_Script: {fileID: 11500000, guid: 8233d90336aea43098adf6dbabd606a2, type: 3}
  m_Name: 
  m_EditorClassIdentifier: 
  m_MeshFormatVersion: 2
  m_Faces:
  - m_Indexes: 000000000100000002000000010000000300000002000000
    m_SmoothingGroup: 0
    m_Uv:
      m_UseWorldSpace: 0
      m_FlipU: 0
      m_FlipV: 0
      m_SwapUV: 0
      m_Fill: 1
      m_Scale: {x: 1, y: 1}
      m_Offset: {x: 0, y: 0}
      m_Rotation: 0
      m_Anchor: 9
    m_Material: {fileID: 0}
    m_SubmeshIndex: 0
    m_ManualUV: 0
    elementGroup: -1
    m_TextureGroup: -1
  - m_Indexes: 040000000500000006000000050000000700000006000000
    m_SmoothingGroup: 0
    m_Uv:
      m_UseWorldSpace: 0
      m_FlipU: 0
      m_FlipV: 0
      m_SwapUV: 0
      m_Fill: 1
      m_Scale: {x: 1, y: 1}
      m_Offset: {x: 0, y: 0}
      m_Rotation: 0
      m_Anchor: 9
    m_Material: {fileID: 0}
    m_SubmeshIndex: 0
    m_ManualUV: 0
    elementGroup: -1
    m_TextureGroup: -1
  - m_Indexes: 08000000090000000a000000090000000b0000000a000000
    m_SmoothingGroup: 0
    m_Uv:
      m_UseWorldSpace: 0
      m_FlipU: 0
      m_FlipV: 0
      m_SwapUV: 0
      m_Fill: 1
      m_Scale: {x: 1, y: 1}
      m_Offset: {x: 0, y: 0}
      m_Rotation: 0
      m_Anchor: 9
    m_Material: {fileID: 0}
    m_SubmeshIndex: 0
    m_ManualUV: 0
    elementGroup: -1
    m_TextureGroup: -1
  - m_Indexes: 0c0000000d0000000e0000000d0000000f0000000e000000
    m_SmoothingGroup: 0
    m_Uv:
      m_UseWorldSpace: 0
      m_FlipU: 0
      m_FlipV: 0
      m_SwapUV: 0
      m_Fill: 1
      m_Scale: {x: 1, y: 1}
      m_Offset: {x: 0, y: 0}
      m_Rotation: 0
      m_Anchor: 9
    m_Material: {fileID: 0}
    m_SubmeshIndex: 0
    m_ManualUV: 0
    elementGroup: -1
    m_TextureGroup: -1
  - m_Indexes: 100000001100000012000000110000001300000012000000
    m_SmoothingGroup: 0
    m_Uv:
      m_UseWorldSpace: 0
      m_FlipU: 0
      m_FlipV: 0
      m_SwapUV: 0
      m_Fill: 1
      m_Scale: {x: 1, y: 1}
      m_Offset: {x: 0, y: 0}
      m_Rotation: 0
      m_Anchor: 9
    m_Material: {fileID: 0}
    m_SubmeshIndex: 0
    m_ManualUV: 0
    elementGroup: -1
    m_TextureGroup: -1
  - m_Indexes: 140000001500000016000000150000001700000016000000
    m_SmoothingGroup: 0
    m_Uv:
      m_UseWorldSpace: 0
      m_FlipU: 0
      m_FlipV: 0
      m_SwapUV: 0
      m_Fill: 1
      m_Scale: {x: 1, y: 1}
      m_Offset: {x: 0, y: 0}
      m_Rotation: 0
      m_Anchor: 9
    m_Material: {fileID: 0}
    m_SubmeshIndex: 0
    m_ManualUV: 0
    elementGroup: -1
    m_TextureGroup: -1
  - m_Indexes: 18000000190000001a000000190000001b0000001a000000
    m_SmoothingGroup: 0
    m_Uv:
      m_UseWorldSpace: 0
      m_FlipU: 0
      m_FlipV: 0
      m_SwapUV: 0
      m_Fill: 1
      m_Scale: {x: 1, y: 1}
      m_Offset: {x: 0, y: 0}
      m_Rotation: 0
      m_Anchor: 9
    m_Material: {fileID: 0}
    m_SubmeshIndex: 0
    m_ManualUV: 0
    elementGroup: -1
    m_TextureGroup: -1
  - m_Indexes: 1c0000001d0000001e0000001d0000001f0000001e000000
    m_SmoothingGroup: 0
    m_Uv:
      m_UseWorldSpace: 0
      m_FlipU: 0
      m_FlipV: 0
      m_SwapUV: 0
      m_Fill: 1
      m_Scale: {x: 1, y: 1}
      m_Offset: {x: 0, y: 0}
      m_Rotation: 0
      m_Anchor: 9
    m_Material: {fileID: 0}
    m_SubmeshIndex: 0
    m_ManualUV: 0
    elementGroup: -1
    m_TextureGroup: -1
  - m_Indexes: 200000002100000022000000210000002300000022000000
    m_SmoothingGroup: 0
    m_Uv:
      m_UseWorldSpace: 0
      m_FlipU: 0
      m_FlipV: 0
      m_SwapUV: 0
      m_Fill: 1
      m_Scale: {x: 1, y: 1}
      m_Offset: {x: 0, y: 0}
      m_Rotation: 0
      m_Anchor: 9
    m_Material: {fileID: 0}
    m_SubmeshIndex: 0
    m_ManualUV: 0
    elementGroup: -1
    m_TextureGroup: -1
  - m_Indexes: 240000002500000026000000250000002700000026000000
    m_SmoothingGroup: 0
    m_Uv:
      m_UseWorldSpace: 0
      m_FlipU: 0
      m_FlipV: 0
      m_SwapUV: 0
      m_Fill: 1
      m_Scale: {x: 1, y: 1}
      m_Offset: {x: 0, y: 0}
      m_Rotation: 0
      m_Anchor: 9
    m_Material: {fileID: 0}
    m_SubmeshIndex: 0
    m_ManualUV: 0
    elementGroup: -1
    m_TextureGroup: -1
  - m_Indexes: 28000000290000002a000000290000002b0000002a000000
    m_SmoothingGroup: 0
    m_Uv:
      m_UseWorldSpace: 0
      m_FlipU: 0
      m_FlipV: 0
      m_SwapUV: 0
      m_Fill: 1
      m_Scale: {x: 1, y: 1}
      m_Offset: {x: 0, y: 0}
      m_Rotation: 0
      m_Anchor: 9
    m_Material: {fileID: 0}
    m_SubmeshIndex: 0
    m_ManualUV: 0
    elementGroup: -1
    m_TextureGroup: -1
  - m_Indexes: 2c0000002d0000002e0000002d0000002f0000002e000000
    m_SmoothingGroup: 0
    m_Uv:
      m_UseWorldSpace: 0
      m_FlipU: 0
      m_FlipV: 0
      m_SwapUV: 0
      m_Fill: 1
      m_Scale: {x: 1, y: 1}
      m_Offset: {x: 0, y: 0}
      m_Rotation: 0
      m_Anchor: 9
    m_Material: {fileID: 0}
    m_SubmeshIndex: 0
    m_ManualUV: 0
    elementGroup: -1
    m_TextureGroup: -1
  - m_Indexes: 300000003100000032000000310000003300000032000000
    m_SmoothingGroup: 0
    m_Uv:
      m_UseWorldSpace: 0
      m_FlipU: 0
      m_FlipV: 0
      m_SwapUV: 0
      m_Fill: 1
      m_Scale: {x: 1, y: 1}
      m_Offset: {x: 0, y: 0}
      m_Rotation: 0
      m_Anchor: 9
    m_Material: {fileID: 0}
    m_SubmeshIndex: 0
    m_ManualUV: 0
    elementGroup: -1
    m_TextureGroup: -1
  - m_Indexes: 340000003500000036000000350000003700000036000000
    m_SmoothingGroup: 0
    m_Uv:
      m_UseWorldSpace: 0
      m_FlipU: 0
      m_FlipV: 0
      m_SwapUV: 0
      m_Fill: 1
      m_Scale: {x: 1, y: 1}
      m_Offset: {x: 0, y: 0}
      m_Rotation: 0
      m_Anchor: 9
    m_Material: {fileID: 0}
    m_SubmeshIndex: 0
    m_ManualUV: 0
    elementGroup: -1
    m_TextureGroup: -1
  - m_Indexes: 38000000390000003a000000390000003b0000003a000000
    m_SmoothingGroup: 0
    m_Uv:
      m_UseWorldSpace: 0
      m_FlipU: 0
      m_FlipV: 0
      m_SwapUV: 0
      m_Fill: 1
      m_Scale: {x: 1, y: 1}
      m_Offset: {x: 0, y: 0}
      m_Rotation: 0
      m_Anchor: 9
    m_Material: {fileID: 0}
    m_SubmeshIndex: 0
    m_ManualUV: 0
    elementGroup: -1
    m_TextureGroup: -1
  - m_Indexes: 3c0000003d0000003e0000003d0000003f0000003e000000
    m_SmoothingGroup: 0
    m_Uv:
      m_UseWorldSpace: 0
      m_FlipU: 0
      m_FlipV: 0
      m_SwapUV: 0
      m_Fill: 1
      m_Scale: {x: 1, y: 1}
      m_Offset: {x: 0, y: 0}
      m_Rotation: 0
      m_Anchor: 9
    m_Material: {fileID: 0}
    m_SubmeshIndex: 0
    m_ManualUV: 0
    elementGroup: -1
    m_TextureGroup: -1
  - m_Indexes: 400000004100000042000000410000004300000042000000
    m_SmoothingGroup: 0
    m_Uv:
      m_UseWorldSpace: 0
      m_FlipU: 0
      m_FlipV: 0
      m_SwapUV: 0
      m_Fill: 1
      m_Scale: {x: 1, y: 1}
      m_Offset: {x: 0, y: 0}
      m_Rotation: 0
      m_Anchor: 9
    m_Material: {fileID: 0}
    m_SubmeshIndex: 0
    m_ManualUV: 0
    elementGroup: -1
    m_TextureGroup: -1
  - m_Indexes: 440000004500000046000000450000004700000046000000
    m_SmoothingGroup: 0
    m_Uv:
      m_UseWorldSpace: 0
      m_FlipU: 0
      m_FlipV: 0
      m_SwapUV: 0
      m_Fill: 1
      m_Scale: {x: 1, y: 1}
      m_Offset: {x: 0, y: 0}
      m_Rotation: 0
      m_Anchor: 9
    m_Material: {fileID: 0}
    m_SubmeshIndex: 0
    m_ManualUV: 0
    elementGroup: -1
    m_TextureGroup: -1
  - m_Indexes: 48000000490000004a000000490000004b0000004a000000
    m_SmoothingGroup: 0
    m_Uv:
      m_UseWorldSpace: 0
      m_FlipU: 0
      m_FlipV: 0
      m_SwapUV: 0
      m_Fill: 1
      m_Scale: {x: 1, y: 1}
      m_Offset: {x: 0, y: 0}
      m_Rotation: 0
      m_Anchor: 9
    m_Material: {fileID: 0}
    m_SubmeshIndex: 0
    m_ManualUV: 0
    elementGroup: -1
    m_TextureGroup: -1
  - m_Indexes: 4c0000004d0000004e0000004d0000004f0000004e000000
    m_SmoothingGroup: 0
    m_Uv:
      m_UseWorldSpace: 0
      m_FlipU: 0
      m_FlipV: 0
      m_SwapUV: 0
      m_Fill: 1
      m_Scale: {x: 1, y: 1}
      m_Offset: {x: 0, y: 0}
      m_Rotation: 0
      m_Anchor: 9
    m_Material: {fileID: 0}
    m_SubmeshIndex: 0
    m_ManualUV: 0
    elementGroup: -1
    m_TextureGroup: -1
  - m_Indexes: 500000005100000052000000510000005300000052000000
    m_SmoothingGroup: 0
    m_Uv:
      m_UseWorldSpace: 0
      m_FlipU: 0
      m_FlipV: 0
      m_SwapUV: 0
      m_Fill: 1
      m_Scale: {x: 1, y: 1}
      m_Offset: {x: 0, y: 0}
      m_Rotation: 0
      m_Anchor: 9
    m_Material: {fileID: 0}
    m_SubmeshIndex: 0
    m_ManualUV: 0
    elementGroup: -1
    m_TextureGroup: -1
  - m_Indexes: 540000005500000056000000550000005700000056000000
    m_SmoothingGroup: 0
    m_Uv:
      m_UseWorldSpace: 0
      m_FlipU: 0
      m_FlipV: 0
      m_SwapUV: 0
      m_Fill: 1
      m_Scale: {x: 1, y: 1}
      m_Offset: {x: 0, y: 0}
      m_Rotation: 0
      m_Anchor: 9
    m_Material: {fileID: 0}
    m_SubmeshIndex: 0
    m_ManualUV: 0
    elementGroup: -1
    m_TextureGroup: -1
  - m_Indexes: 58000000590000005a000000590000005b0000005a000000
    m_SmoothingGroup: 0
    m_Uv:
      m_UseWorldSpace: 0
      m_FlipU: 0
      m_FlipV: 0
      m_SwapUV: 0
      m_Fill: 1
      m_Scale: {x: 1, y: 1}
      m_Offset: {x: 0, y: 0}
      m_Rotation: 0
      m_Anchor: 9
    m_Material: {fileID: 0}
    m_SubmeshIndex: 0
    m_ManualUV: 0
    elementGroup: -1
    m_TextureGroup: -1
  - m_Indexes: 5c0000005d0000005e0000005d0000005f0000005e000000
    m_SmoothingGroup: 0
    m_Uv:
      m_UseWorldSpace: 0
      m_FlipU: 0
      m_FlipV: 0
      m_SwapUV: 0
      m_Fill: 1
      m_Scale: {x: 1, y: 1}
      m_Offset: {x: 0, y: 0}
      m_Rotation: 0
      m_Anchor: 9
    m_Material: {fileID: 0}
    m_SubmeshIndex: 0
    m_ManualUV: 0
    elementGroup: -1
    m_TextureGroup: -1
  - m_Indexes: 600000006100000062000000610000006300000062000000
    m_SmoothingGroup: 0
    m_Uv:
      m_UseWorldSpace: 0
      m_FlipU: 0
      m_FlipV: 0
      m_SwapUV: 0
      m_Fill: 1
      m_Scale: {x: 1, y: 1}
      m_Offset: {x: 0, y: 0}
      m_Rotation: 0
      m_Anchor: 9
    m_Material: {fileID: 0}
    m_SubmeshIndex: 0
    m_ManualUV: 0
    elementGroup: -1
    m_TextureGroup: -1
  - m_Indexes: 640000006500000066000000650000006700000066000000
    m_SmoothingGroup: 0
    m_Uv:
      m_UseWorldSpace: 0
      m_FlipU: 0
      m_FlipV: 0
      m_SwapUV: 0
      m_Fill: 1
      m_Scale: {x: 1, y: 1}
      m_Offset: {x: 0, y: 0}
      m_Rotation: 0
      m_Anchor: 9
    m_Material: {fileID: 0}
    m_SubmeshIndex: 0
    m_ManualUV: 0
    elementGroup: -1
    m_TextureGroup: -1
  - m_Indexes: 68000000690000006a000000690000006b0000006a000000
    m_SmoothingGroup: 0
    m_Uv:
      m_UseWorldSpace: 0
      m_FlipU: 0
      m_FlipV: 0
      m_SwapUV: 0
      m_Fill: 1
      m_Scale: {x: 1, y: 1}
      m_Offset: {x: 0, y: 0}
      m_Rotation: 0
      m_Anchor: 9
    m_Material: {fileID: 0}
    m_SubmeshIndex: 0
    m_ManualUV: 0
    elementGroup: -1
    m_TextureGroup: -1
  - m_Indexes: 6c0000006d0000006e0000006d0000006f0000006e000000
    m_SmoothingGroup: 0
    m_Uv:
      m_UseWorldSpace: 0
      m_FlipU: 0
      m_FlipV: 0
      m_SwapUV: 0
      m_Fill: 1
      m_Scale: {x: 1, y: 1}
      m_Offset: {x: 0, y: 0}
      m_Rotation: 0
      m_Anchor: 9
    m_Material: {fileID: 0}
    m_SubmeshIndex: 0
    m_ManualUV: 0
    elementGroup: -1
    m_TextureGroup: -1
  - m_Indexes: 700000007100000072000000710000007300000072000000
    m_SmoothingGroup: 0
    m_Uv:
      m_UseWorldSpace: 0
      m_FlipU: 0
      m_FlipV: 0
      m_SwapUV: 0
      m_Fill: 1
      m_Scale: {x: 1, y: 1}
      m_Offset: {x: 0, y: 0}
      m_Rotation: 0
      m_Anchor: 9
    m_Material: {fileID: 0}
    m_SubmeshIndex: 0
    m_ManualUV: 0
    elementGroup: -1
    m_TextureGroup: -1
  - m_Indexes: 740000007500000076000000750000007700000076000000
    m_SmoothingGroup: 0
    m_Uv:
      m_UseWorldSpace: 0
      m_FlipU: 0
      m_FlipV: 0
      m_SwapUV: 0
      m_Fill: 1
      m_Scale: {x: 1, y: 1}
      m_Offset: {x: 0, y: 0}
      m_Rotation: 0
      m_Anchor: 9
    m_Material: {fileID: 0}
    m_SubmeshIndex: 0
    m_ManualUV: 0
    elementGroup: -1
    m_TextureGroup: -1
  - m_Indexes: 78000000790000007a000000790000007b0000007a000000
    m_SmoothingGroup: 0
    m_Uv:
      m_UseWorldSpace: 0
      m_FlipU: 0
      m_FlipV: 0
      m_SwapUV: 0
      m_Fill: 1
      m_Scale: {x: 1, y: 1}
      m_Offset: {x: 0, y: 0}
      m_Rotation: 0
      m_Anchor: 9
    m_Material: {fileID: 0}
    m_SubmeshIndex: 0
    m_ManualUV: 0
    elementGroup: -1
    m_TextureGroup: -1
  - m_Indexes: 7c0000007d0000007e0000007d0000007f0000007e000000
    m_SmoothingGroup: 0
    m_Uv:
      m_UseWorldSpace: 0
      m_FlipU: 0
      m_FlipV: 0
      m_SwapUV: 0
      m_Fill: 1
      m_Scale: {x: 1, y: 1}
      m_Offset: {x: 0, y: 0}
      m_Rotation: 0
      m_Anchor: 9
    m_Material: {fileID: 0}
    m_SubmeshIndex: 0
    m_ManualUV: 0
    elementGroup: -1
    m_TextureGroup: -1
  - m_Indexes: 820000008100000080000000
    m_SmoothingGroup: 0
    m_Uv:
      m_UseWorldSpace: 0
      m_FlipU: 0
      m_FlipV: 0
      m_SwapUV: 0
      m_Fill: 1
      m_Scale: {x: 1, y: 1}
      m_Offset: {x: 0, y: 0}
      m_Rotation: 0
      m_Anchor: 9
    m_Material: {fileID: 2100000, guid: c22777d6e868e4f2fb421913386b154e, type: 2}
    m_SubmeshIndex: 0
    m_ManualUV: 0
    elementGroup: 0
    m_TextureGroup: -1
  - m_Indexes: 880000008700000086000000
    m_SmoothingGroup: 0
    m_Uv:
      m_UseWorldSpace: 0
      m_FlipU: 0
      m_FlipV: 0
      m_SwapUV: 0
      m_Fill: 1
      m_Scale: {x: 1, y: 1}
      m_Offset: {x: 0, y: 0}
      m_Rotation: 0
      m_Anchor: 9
    m_Material: {fileID: 2100000, guid: c22777d6e868e4f2fb421913386b154e, type: 2}
    m_SubmeshIndex: 0
    m_ManualUV: 0
    elementGroup: 0
    m_TextureGroup: -1
  - m_Indexes: 8e0000008d0000008c000000
    m_SmoothingGroup: 0
    m_Uv:
      m_UseWorldSpace: 0
      m_FlipU: 0
      m_FlipV: 0
      m_SwapUV: 0
      m_Fill: 1
      m_Scale: {x: 1, y: 1}
      m_Offset: {x: 0, y: 0}
      m_Rotation: 0
      m_Anchor: 9
    m_Material: {fileID: 2100000, guid: c22777d6e868e4f2fb421913386b154e, type: 2}
    m_SubmeshIndex: 0
    m_ManualUV: 0
    elementGroup: 0
    m_TextureGroup: -1
  - m_Indexes: 940000009300000092000000
    m_SmoothingGroup: 0
    m_Uv:
      m_UseWorldSpace: 0
      m_FlipU: 0
      m_FlipV: 0
      m_SwapUV: 0
      m_Fill: 1
      m_Scale: {x: 1, y: 1}
      m_Offset: {x: 0, y: 0}
      m_Rotation: 0
      m_Anchor: 9
    m_Material: {fileID: 2100000, guid: c22777d6e868e4f2fb421913386b154e, type: 2}
    m_SubmeshIndex: 0
    m_ManualUV: 0
    elementGroup: 0
    m_TextureGroup: -1
  - m_Indexes: 9a0000009900000098000000
    m_SmoothingGroup: 0
    m_Uv:
      m_UseWorldSpace: 0
      m_FlipU: 0
      m_FlipV: 0
      m_SwapUV: 0
      m_Fill: 1
      m_Scale: {x: 1, y: 1}
      m_Offset: {x: 0, y: 0}
      m_Rotation: 0
      m_Anchor: 9
    m_Material: {fileID: 2100000, guid: c22777d6e868e4f2fb421913386b154e, type: 2}
    m_SubmeshIndex: 0
    m_ManualUV: 0
    elementGroup: 0
    m_TextureGroup: -1
  - m_Indexes: a00000009f0000009e000000
    m_SmoothingGroup: 0
    m_Uv:
      m_UseWorldSpace: 0
      m_FlipU: 0
      m_FlipV: 0
      m_SwapUV: 0
      m_Fill: 1
      m_Scale: {x: 1, y: 1}
      m_Offset: {x: 0, y: 0}
      m_Rotation: 0
      m_Anchor: 9
    m_Material: {fileID: 2100000, guid: c22777d6e868e4f2fb421913386b154e, type: 2}
    m_SubmeshIndex: 0
    m_ManualUV: 0
    elementGroup: 0
    m_TextureGroup: -1
  - m_Indexes: a6000000a5000000a4000000
    m_SmoothingGroup: 0
    m_Uv:
      m_UseWorldSpace: 0
      m_FlipU: 0
      m_FlipV: 0
      m_SwapUV: 0
      m_Fill: 1
      m_Scale: {x: 1, y: 1}
      m_Offset: {x: 0, y: 0}
      m_Rotation: 0
      m_Anchor: 9
    m_Material: {fileID: 2100000, guid: c22777d6e868e4f2fb421913386b154e, type: 2}
    m_SubmeshIndex: 0
    m_ManualUV: 0
    elementGroup: 0
    m_TextureGroup: -1
  - m_Indexes: ac000000ab000000aa000000
    m_SmoothingGroup: 0
    m_Uv:
      m_UseWorldSpace: 0
      m_FlipU: 0
      m_FlipV: 0
      m_SwapUV: 0
      m_Fill: 1
      m_Scale: {x: 1, y: 1}
      m_Offset: {x: 0, y: 0}
      m_Rotation: 0
      m_Anchor: 9
    m_Material: {fileID: 2100000, guid: c22777d6e868e4f2fb421913386b154e, type: 2}
    m_SubmeshIndex: 0
    m_ManualUV: 0
    elementGroup: 0
    m_TextureGroup: -1
  - m_Indexes: 830000008400000085000000
    m_SmoothingGroup: 0
    m_Uv:
      m_UseWorldSpace: 0
      m_FlipU: 0
      m_FlipV: 0
      m_SwapUV: 0
      m_Fill: 1
      m_Scale: {x: 1, y: 1}
      m_Offset: {x: 0, y: 0}
      m_Rotation: 0
      m_Anchor: 9
    m_Material: {fileID: 2100000, guid: c22777d6e868e4f2fb421913386b154e, type: 2}
    m_SubmeshIndex: 0
    m_ManualUV: 0
    elementGroup: 0
    m_TextureGroup: -1
  - m_Indexes: 890000008a0000008b000000
    m_SmoothingGroup: 0
    m_Uv:
      m_UseWorldSpace: 0
      m_FlipU: 0
      m_FlipV: 0
      m_SwapUV: 0
      m_Fill: 1
      m_Scale: {x: 1, y: 1}
      m_Offset: {x: 0, y: 0}
      m_Rotation: 0
      m_Anchor: 9
    m_Material: {fileID: 2100000, guid: c22777d6e868e4f2fb421913386b154e, type: 2}
    m_SubmeshIndex: 0
    m_ManualUV: 0
    elementGroup: 0
    m_TextureGroup: -1
  - m_Indexes: 8f0000009000000091000000
    m_SmoothingGroup: 0
    m_Uv:
      m_UseWorldSpace: 0
      m_FlipU: 0
      m_FlipV: 0
      m_SwapUV: 0
      m_Fill: 1
      m_Scale: {x: 1, y: 1}
      m_Offset: {x: 0, y: 0}
      m_Rotation: 0
      m_Anchor: 9
    m_Material: {fileID: 2100000, guid: c22777d6e868e4f2fb421913386b154e, type: 2}
    m_SubmeshIndex: 0
    m_ManualUV: 0
    elementGroup: 0
    m_TextureGroup: -1
  - m_Indexes: 950000009600000097000000
    m_SmoothingGroup: 0
    m_Uv:
      m_UseWorldSpace: 0
      m_FlipU: 0
      m_FlipV: 0
      m_SwapUV: 0
      m_Fill: 1
      m_Scale: {x: 1, y: 1}
      m_Offset: {x: 0, y: 0}
      m_Rotation: 0
      m_Anchor: 9
    m_Material: {fileID: 2100000, guid: c22777d6e868e4f2fb421913386b154e, type: 2}
    m_SubmeshIndex: 0
    m_ManualUV: 0
    elementGroup: 0
    m_TextureGroup: -1
  - m_Indexes: 9b0000009c0000009d000000
    m_SmoothingGroup: 0
    m_Uv:
      m_UseWorldSpace: 0
      m_FlipU: 0
      m_FlipV: 0
      m_SwapUV: 0
      m_Fill: 1
      m_Scale: {x: 1, y: 1}
      m_Offset: {x: 0, y: 0}
      m_Rotation: 0
      m_Anchor: 9
    m_Material: {fileID: 2100000, guid: c22777d6e868e4f2fb421913386b154e, type: 2}
    m_SubmeshIndex: 0
    m_ManualUV: 0
    elementGroup: 0
    m_TextureGroup: -1
  - m_Indexes: a1000000a2000000a3000000
    m_SmoothingGroup: 0
    m_Uv:
      m_UseWorldSpace: 0
      m_FlipU: 0
      m_FlipV: 0
      m_SwapUV: 0
      m_Fill: 1
      m_Scale: {x: 1, y: 1}
      m_Offset: {x: 0, y: 0}
      m_Rotation: 0
      m_Anchor: 9
    m_Material: {fileID: 2100000, guid: c22777d6e868e4f2fb421913386b154e, type: 2}
    m_SubmeshIndex: 0
    m_ManualUV: 0
    elementGroup: 0
    m_TextureGroup: -1
  - m_Indexes: a7000000a8000000a9000000
    m_SmoothingGroup: 0
    m_Uv:
      m_UseWorldSpace: 0
      m_FlipU: 0
      m_FlipV: 0
      m_SwapUV: 0
      m_Fill: 1
      m_Scale: {x: 1, y: 1}
      m_Offset: {x: 0, y: 0}
      m_Rotation: 0
      m_Anchor: 9
    m_Material: {fileID: 2100000, guid: c22777d6e868e4f2fb421913386b154e, type: 2}
    m_SubmeshIndex: 0
    m_ManualUV: 0
    elementGroup: 0
    m_TextureGroup: -1
  - m_Indexes: ad000000ae000000af000000
    m_SmoothingGroup: 0
    m_Uv:
      m_UseWorldSpace: 0
      m_FlipU: 0
      m_FlipV: 0
      m_SwapUV: 0
      m_Fill: 1
      m_Scale: {x: 1, y: 1}
      m_Offset: {x: 0, y: 0}
      m_Rotation: 0
      m_Anchor: 9
    m_Material: {fileID: 2100000, guid: c22777d6e868e4f2fb421913386b154e, type: 2}
    m_SubmeshIndex: 0
    m_ManualUV: 0
    elementGroup: 0
    m_TextureGroup: -1
  m_SharedVertices:
  - m_Vertices: 000000001e00000080000000ac000000
  - m_Vertices: 010000001f000000200000003e000000
  - m_Vertices: 02000000040000008200000086000000
  - m_Vertices: 03000000050000002200000024000000
  - m_Vertices: 0600000008000000880000008c000000
  - m_Vertices: 07000000090000002600000028000000
  - m_Vertices: 0a0000000c0000008e00000092000000
  - m_Vertices: 0b0000000d0000002a0000002c000000
  - m_Vertices: 0e000000100000009400000098000000
  - m_Vertices: 0f000000110000002e00000030000000
  - m_Vertices: 12000000140000009a0000009e000000
  - m_Vertices: 13000000150000003200000034000000
  - m_Vertices: 1600000018000000a0000000a4000000
  - m_Vertices: 17000000190000003600000038000000
  - m_Vertices: 1a0000001c000000a6000000aa000000
  - m_Vertices: 1b0000001d0000003a0000003c000000
  - m_Vertices: 210000003f000000400000005e000000
  - m_Vertices: 23000000250000004200000044000000
  - m_Vertices: 27000000290000004600000048000000
  - m_Vertices: 2b0000002d0000004a0000004c000000
  - m_Vertices: 2f000000310000004e00000050000000
  - m_Vertices: 33000000350000005200000054000000
  - m_Vertices: 37000000390000005600000058000000
  - m_Vertices: 3b0000003d0000005a0000005c000000
  - m_Vertices: 410000005f000000600000007e000000
  - m_Vertices: 43000000450000006200000064000000
  - m_Vertices: 47000000490000006600000068000000
  - m_Vertices: 4b0000004d0000006a0000006c000000
  - m_Vertices: 4f000000510000006e00000070000000
  - m_Vertices: 53000000550000007200000074000000
  - m_Vertices: 57000000590000007600000078000000
  - m_Vertices: 5b0000005d0000007a0000007c000000
  - m_Vertices: 610000007f00000083000000af000000
  - m_Vertices: 63000000650000008500000089000000
  - m_Vertices: 67000000690000008b0000008f000000
  - m_Vertices: 6b0000006d0000009100000095000000
  - m_Vertices: 6f00000071000000970000009b000000
  - m_Vertices: 73000000750000009d000000a1000000
  - m_Vertices: 7700000079000000a3000000a7000000
  - m_Vertices: 7b0000007d000000a9000000ad000000
  - m_Vertices: 81000000870000008d00000093000000990000009f000000a5000000ab000000
  - m_Vertices: 840000008a00000090000000960000009c000000a2000000a8000000ae000000
  m_SharedTextures: []
  m_Positions:
  - {x: 0.05, y: -0.0019462705, z: 0}
  - {x: 0.05, y: 0.11961932, z: -0.0001672022}
  - {x: 0.03535534, y: -0.0019462705, z: 0.03535534}
  - {x: 0.03535534, y: 0.11618492, z: 0.03502094}
  - {x: 0.03535534, y: -0.0019462705, z: 0.03535534}
  - {x: 0.03535534, y: 0.11618492, z: 0.03502094}
  - {x: -0.0000000021855695, y: -0.0019462705, z: 0.05}
  - {x: -0.0000000037252903, y: 0.11476234, z: 0.049596332}
  - {x: -0.0000000021855695, y: -0.0019462705, z: 0.05}
  - {x: -0.0000000037252903, y: 0.11476234, z: 0.049596332}
  - {x: -0.03535534, y: -0.0019462705, z: 0.03535534}
  - {x: -0.03535534, y: 0.11618492, z: 0.03502094}
  - {x: -0.03535534, y: -0.0019462705, z: 0.03535534}
  - {x: -0.03535534, y: 0.11618492, z: 0.03502094}
  - {x: -0.05, y: -0.0019462705, z: -0.000000004371139}
  - {x: -0.05, y: 0.11961932, z: -0.00016720593}
  - {x: -0.05, y: -0.0019462705, z: -0.000000004371139}
  - {x: -0.05, y: 0.11961932, z: -0.00016720593}
  - {x: -0.03535534, y: -0.0019462705, z: -0.035355337}
  - {x: -0.03535534, y: 0.123053715, z: -0.035355337}
  - {x: -0.03535534, y: -0.0019462705, z: -0.035355337}
  - {x: -0.03535534, y: 0.123053715, z: -0.035355337}
  - {x: 5.9624405e-10, y: -0.0019462705, z: -0.05}
  - {x: 0, y: 0.12447629, z: -0.049930744}
  - {x: 5.9624405e-10, y: -0.0019462705, z: -0.05}
  - {x: 0, y: 0.12447629, z: -0.049930744}
  - {x: 0.035355333, y: -0.0019462705, z: -0.035355344}
  - {x: 0.035355333, y: 0.123053715, z: -0.035355344}
  - {x: 0.035355333, y: -0.0019462705, z: -0.035355344}
  - {x: 0.035355333, y: 0.123053715, z: -0.035355344}
  - {x: 0.05, y: -0.0019462705, z: 0}
  - {x: 0.05, y: 0.11961932, z: -0.0001672022}
  - {x: 0.05, y: 0.11961932, z: -0.0001672022}
  - {x: 0.05, y: 0.28249073, z: 0.04207392}
  - {x: 0.03535534, y: 0.11618492, z: 0.03502094}
  - {x: 0.03535534, y: 0.26896846, z: 0.074741155}
  - {x: 0.03535534, y: 0.11618492, z: 0.03502094}
  - {x: 0.03535534, y: 0.26896846, z: 0.074741155}
  - {x: -0.0000000037252903, y: 0.11476234, z: 0.049596332}
  - {x: -0.0000000037252903, y: 0.26336735, z: 0.088272355}
  - {x: -0.0000000037252903, y: 0.11476234, z: 0.049596332}
  - {x: -0.0000000037252903, y: 0.26336735, z: 0.088272355}
  - {x: -0.03535534, y: 0.11618492, z: 0.03502094}
  - {x: -0.03535534, y: 0.26896846, z: 0.074741155}
  - {x: -0.03535534, y: 0.11618492, z: 0.03502094}
  - {x: -0.03535534, y: 0.26896846, z: 0.074741155}
  - {x: -0.05, y: 0.11961932, z: -0.00016720593}
  - {x: -0.05, y: 0.28249073, z: 0.04207392}
  - {x: -0.05, y: 0.11961932, z: -0.00016720593}
  - {x: -0.05, y: 0.28249073, z: 0.04207392}
  - {x: -0.03535534, y: 0.123053715, z: -0.035355337}
  - {x: -0.03535534, y: 0.29601306, z: 0.009406706}
  - {x: -0.03535534, y: 0.123053715, z: -0.035355337}
  - {x: -0.03535534, y: 0.29601306, z: 0.009406706}
  - {x: 0, y: 0.12447629, z: -0.049930744}
  - {x: 0, y: 0.30161417, z: -0.0041245027}
  - {x: 0, y: 0.12447629, z: -0.049930744}
  - {x: 0, y: 0.30161417, z: -0.0041245027}
  - {x: 0.035355333, y: 0.123053715, z: -0.035355344}
  - {x: 0.035355333, y: 0.29601306, z: 0.009406699}
  - {x: 0.035355333, y: 0.123053715, z: -0.035355344}
  - {x: 0.035355333, y: 0.29601306, z: 0.009406699}
  - {x: 0.05, y: 0.11961932, z: -0.0001672022}
  - {x: 0.05, y: 0.28249073, z: 0.04207392}
  - {x: 0.05, y: 0.28249073, z: 0.04207392}
  - {x: 0.05, y: 0.4159529, z: 0.1297372}
  - {x: 0.03535534, y: 0.26896846, z: 0.074741155}
  - {x: 0.03535534, y: 0.39490628, z: 0.15814567}
  - {x: 0.03535534, y: 0.26896846, z: 0.074741155}
  - {x: 0.03535534, y: 0.39490628, z: 0.15814567}
  - {x: -0.0000000037252903, y: 0.26336735, z: 0.088272355}
  - {x: -0.0000000037252903, y: 0.38618854, z: 0.16991282}
  - {x: -0.0000000037252903, y: 0.26336735, z: 0.088272355}
  - {x: -0.0000000037252903, y: 0.38618854, z: 0.16991282}
  - {x: -0.03535534, y: 0.26896846, z: 0.074741155}
  - {x: -0.03535534, y: 0.39490628, z: 0.15814567}
  - {x: -0.03535534, y: 0.26896846, z: 0.074741155}
  - {x: -0.03535534, y: 0.39490628, z: 0.15814567}
  - {x: -0.05, y: 0.28249073, z: 0.04207392}
  - {x: -0.05, y: 0.4159529, z: 0.1297372}
  - {x: -0.05, y: 0.28249073, z: 0.04207392}
  - {x: -0.05, y: 0.4159529, z: 0.1297372}
  - {x: -0.03535534, y: 0.29601306, z: 0.009406706}
  - {x: -0.03535534, y: 0.4369995, z: 0.10132875}
  - {x: -0.03535534, y: 0.29601306, z: 0.009406706}
  - {x: -0.03535534, y: 0.4369995, z: 0.10132875}
  - {x: 0, y: 0.30161417, z: -0.0041245027}
  - {x: 0, y: 0.44571728, z: 0.089561574}
  - {x: 0, y: 0.30161417, z: -0.0041245027}
  - {x: 0, y: 0.44571728, z: 0.089561574}
  - {x: 0.035355333, y: 0.29601306, z: 0.009406699}
  - {x: 0.035355333, y: 0.4369995, z: 0.101328745}
  - {x: 0.035355333, y: 0.29601306, z: 0.009406699}
  - {x: 0.035355333, y: 0.4369995, z: 0.101328745}
  - {x: 0.05, y: 0.28249073, z: 0.04207392}
  - {x: 0.05, y: 0.4159529, z: 0.1297372}
  - {x: 0.05, y: 0.4159529, z: 0.1297372}
  - {x: 0.05085675, y: 0.496045, z: 0.2008179}
  - {x: 0.03535534, y: 0.39490628, z: 0.15814567}
  - {x: 0.035961162, y: 0.4706919, z: 0.22617097}
  - {x: 0.03535534, y: 0.39490628, z: 0.15814567}
  - {x: 0.035961162, y: 0.4706919, z: 0.22617097}
  - {x: -0.0000000037252903, y: 0.38618854, z: 0.16991282}
  - {x: -0.0000000042719286, y: 0.46019036, z: 0.23667257}
  - {x: -0.0000000037252903, y: 0.38618854, z: 0.16991282}
  - {x: -0.0000000042719286, y: 0.46019036, z: 0.23667257}
  - {x: -0.03535534, y: 0.39490628, z: 0.15814567}
  - {x: -0.035961162, y: 0.4706919, z: 0.22617097}
  - {x: -0.03535534, y: 0.39490628, z: 0.15814567}
  - {x: -0.035961162, y: 0.4706919, z: 0.22617097}
  - {x: -0.05, y: 0.4159529, z: 0.1297372}
  - {x: -0.050856758, y: 0.496045, z: 0.2008179}
  - {x: -0.05, y: 0.4159529, z: 0.1297372}
  - {x: -0.050856758, y: 0.496045, z: 0.2008179}
  - {x: -0.03535534, y: 0.4369995, z: 0.10132875}
  - {x: -0.035961162, y: 0.52139807, z: 0.17546482}
  - {x: -0.03535534, y: 0.4369995, z: 0.10132875}
  - {x: -0.035961162, y: 0.52139807, z: 0.17546482}
  - {x: 0, y: 0.44571728, z: 0.089561574}
  - {x: -0.0000000014424486, y: 0.5318997, z: 0.16496323}
  - {x: 0, y: 0.44571728, z: 0.089561574}
  - {x: -0.0000000014424486, y: 0.5318997, z: 0.16496323}
  - {x: 0.035355333, y: 0.4369995, z: 0.101328745}
  - {x: 0.035961144, y: 0.5213981, z: 0.17546482}
  - {x: 0.035355333, y: 0.4369995, z: 0.101328745}
  - {x: 0.035961144, y: 0.5213981, z: 0.17546482}
  - {x: 0.05, y: 0.4159529, z: 0.1297372}
  - {x: 0.05085675, y: 0.496045, z: 0.2008179}
  - {x: 0.05, y: -0.0019462705, z: 0}
  - {x: 0, y: -0.0019462705, z: 0}
  - {x: 0.03535534, y: -0.0019462705, z: 0.03535534}
  - {x: 0.05085675, y: 0.496045, z: 0.2008179}
  - {x: -0.000000002048909, y: 0.496045, z: 0.2008179}
  - {x: 0.035961162, y: 0.4706919, z: 0.22617097}
  - {x: 0.03535534, y: -0.0019462705, z: 0.03535534}
  - {x: 0, y: -0.0019462705, z: 0}
  - {x: -0.0000000021855695, y: -0.0019462705, z: 0.05}
  - {x: 0.035961162, y: 0.4706919, z: 0.22617097}
  - {x: -0.000000002048909, y: 0.496045, z: 0.2008179}
  - {x: -0.0000000042719286, y: 0.46019036, z: 0.23667257}
  - {x: -0.0000000021855695, y: -0.0019462705, z: 0.05}
  - {x: 0, y: -0.0019462705, z: 0}
  - {x: -0.03535534, y: -0.0019462705, z: 0.03535534}
  - {x: -0.0000000042719286, y: 0.46019036, z: 0.23667257}
  - {x: -0.000000002048909, y: 0.496045, z: 0.2008179}
  - {x: -0.035961162, y: 0.4706919, z: 0.22617097}
  - {x: -0.03535534, y: -0.0019462705, z: 0.03535534}
  - {x: 0, y: -0.0019462705, z: 0}
  - {x: -0.05, y: -0.0019462705, z: -0.000000004371139}
  - {x: -0.035961162, y: 0.4706919, z: 0.22617097}
  - {x: -0.000000002048909, y: 0.496045, z: 0.2008179}
  - {x: -0.050856758, y: 0.496045, z: 0.2008179}
  - {x: -0.05, y: -0.0019462705, z: -0.000000004371139}
  - {x: 0, y: -0.0019462705, z: 0}
  - {x: -0.03535534, y: -0.0019462705, z: -0.035355337}
  - {x: -0.050856758, y: 0.496045, z: 0.2008179}
  - {x: -0.000000002048909, y: 0.496045, z: 0.2008179}
  - {x: -0.035961162, y: 0.52139807, z: 0.17546482}
  - {x: -0.03535534, y: -0.0019462705, z: -0.035355337}
  - {x: 0, y: -0.0019462705, z: 0}
  - {x: 5.9624405e-10, y: -0.0019462705, z: -0.05}
  - {x: -0.035961162, y: 0.52139807, z: 0.17546482}
  - {x: -0.000000002048909, y: 0.496045, z: 0.2008179}
  - {x: -0.0000000014424486, y: 0.5318997, z: 0.16496323}
  - {x: 5.9624405e-10, y: -0.0019462705, z: -0.05}
  - {x: 0, y: -0.0019462705, z: 0}
  - {x: 0.035355333, y: -0.0019462705, z: -0.035355344}
  - {x: -0.0000000014424486, y: 0.5318997, z: 0.16496323}
  - {x: -0.000000002048909, y: 0.496045, z: 0.2008179}
  - {x: 0.035961144, y: 0.5213981, z: 0.17546482}
  - {x: 0.035355333, y: -0.0019462705, z: -0.035355344}
  - {x: 0, y: -0.0019462705, z: 0}
  - {x: 0.05, y: -0.0019462705, z: 0}
  - {x: 0.035961144, y: 0.5213981, z: 0.17546482}
  - {x: -0.000000002048909, y: 0.496045, z: 0.2008179}
  - {x: 0.05085675, y: 0.496045, z: 0.2008179}
  m_Textures0:
  - {x: -0.019134171, y: -0.0019705843}
  - {x: -0.019288646, y: 0.11959502}
  - {x: 0.019134173, y: -0.0019705843}
  - {x: 0.018825227, y: 0.11616066}
  - {x: -0.019134175, y: -0.0020670735}
  - {x: -0.019262144, y: 0.116064526}
  - {x: 0.019134171, y: -0.0020670735}
  - {x: 0.018979697, y: 0.11464212}
  - {x: -0.019134171, y: -0.0020938718}
  - {x: -0.018979693, y: 0.114615336}
  - {x: 0.019134171, y: -0.0020938718}
  - {x: 0.01926214, y: 0.1160377}
  - {x: -0.019134173, y: -0.0019963104}
  - {x: -0.018825227, y: 0.11613495}
  - {x: 0.019134175, y: -0.0019963104}
  - {x: 0.019288648, y: 0.11956927}
  - {x: -0.019134171, y: -0.0019219563}
  - {x: -0.018979697, y: 0.11964365}
  - {x: 0.019134166, y: -0.0019219563}
  - {x: 0.019134166, y: 0.12307801}
  - {x: -0.019134171, y: -0.0019462705}
  - {x: -0.019134171, y: 0.123053715}
  - {x: 0.019134173, y: -0.0019462705}
  - {x: 0.01910767, y: 0.12447629}
  - {x: -0.019134171, y: -0.00196965}
  - {x: -0.019107668, y: 0.124452926}
  - {x: 0.019134166, y: -0.00196965}
  - {x: 0.019134166, y: 0.12303032}
  - {x: -0.019134175, y: -0.0019462705}
  - {x: -0.019134175, y: 0.123053715}
  - {x: 0.019134177, y: -0.0019462705}
  - {x: 0.018979702, y: 0.11961932}
  - {x: -0.018960135, y: 0.12354591}
  - {x: 0.020179534, y: 0.28719032}
  - {x: 0.019152319, y: 0.12009521}
  - {x: 0.055956174, y: 0.27360737}
  - {x: -0.018929688, y: 0.12370831}
  - {x: -0.0034643407, y: 0.28081125}
  - {x: 0.019310689, y: 0.12224551}
  - {x: 0.034369472, y: 0.27506083}
  - {x: -0.019311128, y: 0.12224982}
  - {x: -0.034370262, y: 0.2750651}
  - {x: 0.01892924, y: 0.1237127}
  - {x: 0.003463533, y: 0.2808156}
  - {x: -0.019153273, y: 0.120103}
  - {x: -0.055957437, y: 0.2736151}
  - {x: 0.018959178, y: 0.123553775}
  - {x: -0.020180823, y: 0.2871981}
  - {x: -0.018650286, y: 0.114550434}
  - {x: -0.057789955, y: 0.27819484}
  - {x: 0.019462159, y: 0.118001126}
  - {x: -0.022013336, y: 0.29177788}
  - {x: -0.01880133, y: 0.10895635}
  - {x: -0.03622811, y: 0.2867621}
  - {x: 0.019439062, y: 0.11041879}
  - {x: 0.0016057534, y: 0.2925122}
  - {x: -0.019438727, y: 0.110432185}
  - {x: -0.0016057257, y: 0.29252562}
  - {x: 0.01880166, y: 0.10896981}
  - {x: 0.03622814, y: 0.28677556}
  - {x: -0.019461324, y: 0.11801271}
  - {x: 0.022013864, y: 0.29178953}
  - {x: 0.018651139, y: 0.11456209}
  - {x: 0.057790518, y: 0.27820656}
  - {x: 0.023060162, y: 0.28903145}
  - {x: 0.10573812, y: 0.42563802}
  - {x: 0.05873784, y: 0.2751906}
  - {x: 0.13739923, y: 0.40414402}
  - {x: 0.0009809171, y: 0.2734087}
  - {x: 0.037537355, y: 0.4199702}
  - {x: 0.03869003, y: 0.26689038}
  - {x: 0.07447328, y: 0.40996277}
  - {x: -0.038714834, y: 0.26678059}
  - {x: -0.07452103, y: 0.40984744}
  - {x: -0.0010067712, y: 0.27330497}
  - {x: -0.03758665, y: 0.41986042}
  - {x: -0.058770005, y: 0.2751826}
  - {x: -0.1374467, y: 0.40412685}
  - {x: -0.023093965, y: 0.2890277}
  - {x: -0.10578802, y: 0.4256243}
  - {x: -0.056302276, y: 0.26891243}
  - {x: -0.13898024, y: 0.405519}
  - {x: -0.020624615, y: 0.28275335}
  - {x: -0.107319154, y: 0.427013}
  - {x: -0.03591057, y: 0.25180998}
  - {x: -0.07609153, y: 0.41524905}
  - {x: 0.0018029023, y: 0.2583031}
  - {x: -0.03914915, y: 0.42523324}
  - {x: -0.0018020177, y: 0.25848886}
  - {x: 0.03912994, y: 0.42542407}
  - {x: 0.035912223, y: 0.2520003}
  - {x: 0.07607347, y: 0.4154441}
  - {x: 0.020639576, y: 0.28287092}
  - {x: 0.10731897, y: 0.42713985}
  - {x: 0.056318704, y: 0.26903376}
  - {x: 0.13898222, y: 0.40564892}
  - {x: 0.109410465, y: 0.42393512}
  - {x: 0.17712489, y: 0.50689715}
  - {x: 0.1408619, y: 0.40213433}
  - {x: 0.20572834, y: 0.48064303}
  - {x: 0.04585941, y: 0.40632725}
  - {x: 0.07835169, y: 0.50284415}
  - {x: 0.0824818, y: 0.39522472}
  - {x: 0.11488939, y: 0.48947376}
  - {x: -0.0824845, y: 0.39521807}
  - {x: -0.11489315, y: 0.48946676}
  - {x: -0.045862243, y: 0.406321}
  - {x: -0.07835561, y: 0.50283754}
  - {x: -0.14087476, y: 0.4021227}
  - {x: -0.20574448, y: 0.48062867}
  - {x: -0.109424226, y: 0.4239248}
  - {x: -0.17714213, y: 0.506884}
  - {x: -0.13877174, y: 0.4007125}
  - {x: -0.20681098, y: 0.48340836}
  - {x: -0.107271954, y: 0.4224433}
  - {x: -0.17814918, y: 0.5095987}
  - {x: -0.07972557, y: 0.39050928}
  - {x: -0.11590687, y: 0.49686038}
  - {x: -0.043067843, y: 0.4014946}
  - {x: -0.07932655, y: 0.5101138}
  - {x: 0.043074384, y: 0.40144628}
  - {x: 0.079338595, y: 0.5100636}
  - {x: 0.07973155, y: 0.3904591}
  - {x: 0.11591823, y: 0.4968084}
  - {x: 0.10727109, y: 0.42239442}
  - {x: 0.17815408, y: 0.5095452}
  - {x: 0.13876945, y: 0.40066153}
  - {x: 0.20681414, y: 0.48335287}
  - {x: -0.05, y: 0}
  - {x: 0, y: 0}
  - {x: -0.03535534, y: 0.03535534}
  - {x: -0.05085675, y: 0.2087574}
  - {x: 0.000000002048909, y: 0.2087574}
  - {x: -0.035961162, y: 0.17290272}
  - {x: -0.03535534, y: 0.03535534}
  - {x: 0, y: 0}
  - {x: 0.0000000021855695, y: 0.05}
  - {x: -0.035960842, y: 0.17290215}
  - {x: 0.00000028615455, y: 0.20875686}
  - {x: 0.00000033910268, y: 0.15805073}
  - {x: 0.0000000021855695, y: 0.05}
  - {x: 0, y: 0}
  - {x: 0.03535534, y: 0.03535534}
  - {x: -0.00000033055883, y: 0.15805073}
  - {x: -0.00000028205673, y: 0.20875686}
  - {x: 0.035960842, y: 0.17290215}
  - {x: 0.03535534, y: 0.03535534}
  - {x: 0, y: 0}
  - {x: 0.05, y: -0.000000004371139}
  - {x: 0.035961162, y: 0.17290272}
  - {x: 0.000000002048909, y: 0.2087574}
  - {x: 0.050856758, y: 0.2087574}
  - {x: 0.05, y: -0.000000004371139}
  - {x: 0, y: 0}
  - {x: 0.03535534, y: -0.035355337}
  - {x: 0.050856758, y: 0.2087571}
  - {x: 0.000000002048909, y: 0.2087571}
  - {x: 0.035961162, y: 0.24461176}
  - {x: 0.03535534, y: -0.035355337}
  - {x: 0, y: 0}
  - {x: -5.9624405e-10, y: -0.05}
  - {x: 0.035961058, y: 0.24461193}
  - {x: -0.000000115631295, y: 0.20875728}
  - {x: -0.00000009522675, y: 0.25946346}
  - {x: -5.9624405e-10, y: -0.05}
  - {x: 0, y: 0}
  - {x: -0.035355333, y: -0.035355344}
  - {x: -0.00000017531028, y: 0.25946346}
  - {x: -0.00000021312093, y: 0.20875728}
  - {x: -0.03596133, y: 0.24461201}
  - {x: -0.035355333, y: -0.035355344}
  - {x: 0, y: 0}
  - {x: -0.05, y: 0}
  - {x: -0.035961144, y: 0.2446124}
  - {x: 0.000000002048909, y: 0.20875768}
  - {x: -0.05085675, y: 0.20875768}
  m_Textures2: []
  m_Textures3: []
  m_Tangents:
  - {x: -0.38268343, y: -1.568632e-11, z: 0.92387956, w: -1}
  - {x: -0.383504, y: -0.0000005087159, z: 0.9235392, w: -1}
  - {x: -0.383504, y: -0.0000005087159, z: 0.9235392, w: -1}
  - {x: -0.38432434, y: -0.0000010174307, z: 0.92319816, w: -1}
  - {x: -0.92387956, y: 7.794112e-11, z: 0.3826834, w: -1}
  - {x: -0.9242222, y: -0.000002333154, z: 0.38185528, w: -1}
  - {x: -0.9242222, y: -0.000002333154, z: 0.38185528, w: -1}
  - {x: -0.924564, y: -0.0000046663804, z: 0.38102683, w: -1}
  - {x: -0.92387956, y: 0, z: -0.38268346, w: -1}
  - {x: -0.924218, y: 0.0000028850268, z: -0.3818653, w: -1}
  - {x: -0.924218, y: 0.0000028850268, z: -0.3818653, w: -1}
  - {x: -0.9245558, y: 0.000005769873, z: -0.38104686, w: -1}
  - {x: -0.3826834, y: 3.228435e-11, z: -0.92387956, w: -1}
  - {x: -0.38348073, y: 0.0000009747606, z: -0.9235489, w: -1}
  - {x: -0.38348073, y: 0.0000009747606, z: -0.9235489, w: -1}
  - {x: -0.3842778, y: 0.000001949519, z: -0.92321754, w: -1}
  - {x: 0.3826835, y: 0, z: -0.92387956, w: -1}
  - {x: 0.38345885, y: 0.00000048334226, z: -0.923558, w: -1}
  - {x: 0.38345885, y: 0.00000048334226, z: -0.923558, w: -1}
  - {x: 0.38423392, y: 0.0000009666678, z: -0.9232358, w: -1}
  - {x: 0.9238795, y: 0, z: -0.38268346, w: -1}
  - {x: 0.92419577, y: -7.546939e-12, z: -0.38191915, w: -1}
  - {x: 0.92419577, y: -7.546939e-12, z: -0.38191915, w: -1}
  - {x: 0.9245113, y: 0, z: -0.38115457, w: -1}
  - {x: 0.92387956, y: -1.5083611e-11, z: 0.38268343, w: -1}
  - {x: 0.92419934, y: 0.00000039187321, z: 0.38191035, w: -1}
  - {x: 0.92419934, y: 0.00000039187321, z: 0.38191035, w: -1}
  - {x: 0.9245186, y: 0.00000078374563, z: 0.3811371, w: -1}
  - {x: 0.38268352, y: 0, z: 0.9238795, w: -1}
  - {x: 0.38348088, y: 0, z: 0.9235488, w: -1}
  - {x: 0.38348088, y: 0, z: 0.9235488, w: -1}
  - {x: 0.384278, y: -1.5751681e-11, z: 0.9232175, w: -1}
  - {x: -0.37610415, y: 0.00000005652798, z: 0.9265774, w: -1}
  - {x: -0.37564492, y: -0.000048542508, z: 0.92676365, w: -1}
  - {x: -0.37564492, y: -0.000048542508, z: 0.92676365, w: -1}
  - {x: -0.3751856, y: -0.0000971444, z: 0.92694974, w: -1}
  - {x: -0.9210869, y: 0.0000000012388593, z: 0.38935712, w: -1}
  - {x: -0.9208937, y: -0.0001187811, z: 0.38981378, w: -1}
  - {x: -0.9208937, y: -0.0001187811, z: 0.38981378, w: -1}
  - {x: -0.9207003, y: -0.00023757026, z: 0.39027032, w: -1}
  - {x: -0.9210831, y: -0.00000007751027, z: -0.38936615, w: -1}
  - {x: -0.92089874, y: 0.000113294314, z: -0.38980204, w: -1}
  - {x: -0.92089874, y: 0.000113294314, z: -0.38980204, w: -1}
  - {x: -0.9207141, y: 0.000226673, z: -0.39023784, w: -1}
  - {x: -0.37608495, y: 0.0000000135562646, z: -0.9265852, w: -1}
  - {x: -0.3756725, y: 0.000043766886, z: -0.9267525, w: -1}
  - {x: -0.3756725, y: 0.000043766886, z: -0.9267525, w: -1}
  - {x: -0.37525994, y: 0.00008752308, z: -0.92691964, w: -1}
  - {x: 0.3761043, y: 0.00000013391406, z: -0.9265774, w: -1}
  - {x: 0.37571517, y: 0.000040862902, z: -0.92673516, w: -1}
  - {x: 0.37571517, y: 0.000040862902, z: -0.92673516, w: -1}
  - {x: 0.37532598, y: 0.00008159767, z: -0.9268929, w: -1}
  - {x: 0.9211024, y: 0.000000015029586, z: -0.38932052, w: -1}
  - {x: 0.9209431, y: 0.00009731823, z: -0.3896972, w: -1}
  - {x: 0.9209431, y: 0.00009731823, z: -0.3896972, w: -1}
  - {x: 0.9207836, y: 0.00019462829, z: -0.39007384, w: -1}
  - {x: 0.9211052, y: 0.00000008604653, z: 0.38931385, w: -1}
  - {x: 0.9209393, y: -0.000101206984, z: 0.38970593, w: -1}
  - {x: 0.9209393, y: -0.000101206984, z: 0.38970593, w: -1}
  - {x: 0.9207733, y: -0.00020251377, z: 0.39009798, w: -1}
  - {x: 0.37612128, y: -0.00000013419238, z: 0.9265705, w: -1}
  - {x: 0.37569088, y: -0.000045125755, z: 0.92674506, w: -1}
  - {x: 0.37569088, y: -0.000045125755, z: 0.92674506, w: -1}
  - {x: 0.37526038, y: -0.00009012018, z: 0.92691946, w: -1}
  - {x: -0.33242115, y: -0.000000057887462, z: 0.943131, w: -1}
  - {x: -0.3297548, y: -0.00061703305, z: 0.9440664, w: -1}
  - {x: -0.3297548, y: -0.00061703305, z: 0.9440664, w: -1}
  - {x: -0.32708576, y: -0.0012339929, z: 0.94499385, w: -1}
  - {x: -0.89882743, y: -0.00000033698186, z: 0.43830273, w: -1}
  - {x: -0.8976393, y: -0.0016078167, z: 0.44072804, w: -1}
  - {x: -0.8976393, y: -0.0016078167, z: 0.44072804, w: -1}
  - {x: -0.89644223, y: -0.0032152792, z: 0.44314897, w: -1}
  - {x: -0.8986903, y: 0.00000007740198, z: -0.43858394, w: -1}
  - {x: -0.8976311, y: 0.0014379165, z: -0.44074506, w: -1}
  - {x: -0.8976311, y: 0.0014379165, z: -0.44074506, w: -1}
  - {x: -0.896565, y: 0.0028757374, z: -0.44290283, w: -1}
  - {x: -0.3318996, y: -0.0000002391384, z: -0.94331473, w: -1}
  - {x: -0.3298585, y: 0.00047498685, z: -0.9440303, w: -1}
  - {x: -0.3298585, y: 0.00047498685, z: -0.9440303, w: -1}
  - {x: -0.32781583, y: 0.0009502058, z: -0.9447412, w: -1}
  - {x: 0.3324211, y: 0.000000076315274, z: -0.9431311, w: -1}
  - {x: 0.3304681, y: 0.00045206628, z: -0.9438171, w: -1}
  - {x: 0.3304681, y: 0.00045206628, z: -0.9438171, w: -1}
  - {x: 0.3285136, y: 0.0009040564, z: -0.94449884, w: -1}
  - {x: 0.89940315, y: -0.00000036022024, z: -0.4371201, w: -1}
  - {x: 0.8984647, y: 0.0012548801, z: -0.439044, w: -1}
  - {x: 0.8984647, y: 0.0012548801, z: -0.439044, w: -1}
  - {x: 0.8975207, y: 0.002510112, z: -0.44096518, w: -1}
  - {x: 0.89950746, y: -0.000000018161687, z: 0.4369054, w: -1}
  - {x: 0.89847004, y: -0.0013842682, z: 0.4390327, w: -1}
  - {x: 0.89847004, y: -0.0013842682, z: 0.4390327, w: -1}
  - {x: 0.8974258, y: -0.002768532, z: 0.44115666, w: -1}
  - {x: 0.3328883, y: 0.000000028131296, z: 0.9429663, w: -1}
  - {x: 0.3303744, y: -0.0005784278, z: 0.9438498, w: -1}
  - {x: 0.3303744, y: -0.0005784278, z: 0.9438498, w: -1}
  - {x: 0.32785803, y: -0.0011568707, z: 0.94472635, w: -1}
  - {x: -0.2928092, y: 0.0000003008318, z: 0.9561709, w: -1}
  - {x: -0.29247147, y: -0.00009545948, z: 0.9562743, w: -1}
  - {x: -0.29247147, y: -0.00009545948, z: 0.9562743, w: -1}
  - {x: -0.29213372, y: -0.00019122759, z: 0.9563775, w: -1}
  - {x: -0.87427205, y: 0.0000004980658, z: 0.48543635, w: -1}
  - {x: -0.8742463, y: -0.000041805783, z: 0.4854827, w: -1}
  - {x: -0.8742463, y: -0.000041805783, z: 0.4854827, w: -1}
  - {x: -0.8742206, y: -0.00008405428, z: 0.48552898, w: -1}
  - {x: -0.8742634, y: 0.00000003638324, z: -0.48545194, w: -1}
  - {x: -0.8742435, y: 0.00003270753, z: -0.4854877, w: -1}
  - {x: -0.8742435, y: 0.00003270753, z: -0.4854877, w: -1}
  - {x: -0.8742236, y: 0.00006537868, z: -0.4855235, w: -1}
  - {x: -0.29265583, y: -0.00000022781917, z: -0.9562179, w: -1}
  - {x: -0.2924729, y: 0.000051636718, z: -0.9562738, w: -1}
  - {x: -0.2924729, y: 0.000051636718, z: -0.9562738, w: -1}
  - {x: -0.29229, y: 0.00010350903, z: -0.95632976, w: -1}
  - {x: 0.30113527, y: 0.00000033297385, z: -0.95358145, w: -1}
  - {x: 0.30146328, y: -0.00008803448, z: -0.9534778, w: -1}
  - {x: 0.30146328, y: -0.00008803448, z: -0.9534778, w: -1}
  - {x: 0.30179122, y: -0.00017640935, z: -0.953374, w: -1}
  - {x: 0.8767897, y: 0.00000003380939, z: -0.4808741, w: -1}
  - {x: 0.87689745, y: -0.00017190308, z: -0.4806775, w: -1}
  - {x: 0.87689745, y: -0.00017190308, z: -0.4806775, w: -1}
  - {x: 0.87700516, y: -0.00034385812, z: -0.48048085, w: -1}
  - {x: 0.87674946, y: 0.00000036280085, z: 0.4809474, w: -1}
  - {x: 0.8768849, y: 0.0002158272, z: 0.4807005, w: -1}
  - {x: 0.8768849, y: 0.0002158272, z: 0.4807005, w: -1}
  - {x: 0.8770201, y: 0.00043130966, z: 0.48045346, w: -1}
  - {x: 0.30088216, y: -0.00000040691583, z: 0.9536614, w: -1}
  - {x: 0.30146712, y: 0.00015811644, z: 0.95347655, w: -1}
  - {x: 0.30146712, y: 0.00015811644, z: 0.95347655, w: -1}
  - {x: 0.302052, y: 0.00031663215, z: 0.9532914, w: -1}
  - {x: -1, y: 0, z: 0, w: -1}
  - {x: -1, y: 0, z: 0, w: -1}
  - {x: -1, y: 0, z: 0, w: -1}
  - {x: -1, y: 0, z: 0, w: -1}
  - {x: -1, y: 0, z: 0, w: -1}
  - {x: -1, y: 0, z: 0, w: -1}
  - {x: -1, y: 0, z: 0, w: -1}
  - {x: -1, y: 0, z: 0, w: -1}
  - {x: -1, y: 0, z: 0, w: -1}
  - {x: -1, y: 0.000000083857145, z: 0.0000013308853, w: -1}
  - {x: -1, y: 0.000000083857145, z: 0.0000013308853, w: -1}
  - {x: -1, y: 0.000000083857145, z: 0.0000013308853, w: -1}
  - {x: -1, y: 0, z: 0, w: -1}
  - {x: -1, y: 0, z: 0, w: -1}
  - {x: -1, y: 0, z: 0, w: -1}
  - {x: -1, y: -0.000000083857046, z: -0.0000013308855, w: -1}
  - {x: -1, y: -0.000000083857046, z: -0.0000013308855, w: -1}
  - {x: -1, y: -0.000000083857046, z: -0.0000013308855, w: -1}
  - {x: -1, y: 0, z: 0, w: -1}
  - {x: -1, y: 0, z: 0, w: -1}
  - {x: -1, y: 0, z: 0, w: -1}
  - {x: -1, y: 0, z: 0, w: -1}
  - {x: -1, y: 0, z: 0, w: -1}
  - {x: -1, y: 0, z: 0, w: -1}
  - {x: -1, y: 0, z: 0, w: -1}
  - {x: -1, y: 0, z: 0, w: -1}
  - {x: -1, y: 0, z: 0, w: -1}
  - {x: -1, y: 0, z: 0, w: -1}
  - {x: -1, y: 0, z: 0, w: -1}
  - {x: -1, y: 0, z: 0, w: -1}
  - {x: -1, y: 0, z: 0, w: -1}
  - {x: -1, y: 0, z: 0, w: -1}
  - {x: -1, y: 0, z: 0, w: -1}
  - {x: -1, y: -0.00000012332724, z: -0.00000046267738, w: -1}
  - {x: -1, y: -0.00000012332724, z: -0.00000046267738, w: -1}
  - {x: -1, y: -0.00000012332724, z: -0.00000046267738, w: -1}
  - {x: -1, y: 0, z: 0, w: -1}
  - {x: -1, y: 0, z: 0, w: -1}
  - {x: -1, y: 0, z: 0, w: -1}
  - {x: -1, y: -0.000000069132106, z: -0.0000010023354, w: -1}
  - {x: -1, y: -0.000000069132106, z: -0.0000010023354, w: -1}
  - {x: -1, y: -0.000000069132106, z: -0.0000010023354, w: -1}
  - {x: -1, y: 0, z: 0, w: -1}
  - {x: -1, y: 0, z: 0, w: -1}
  - {x: -1, y: 0, z: 0, w: -1}
  - {x: -1, y: 0, z: 0, w: -1}
  - {x: -1, y: 0, z: 0, w: -1}
  - {x: -1, y: 0, z: 0, w: -1}
  m_Colors: []
  m_UnwrapParameters:
    m_HardAngle: 88
    m_PackMargin: 20
    m_AngleError: 8
    m_AreaError: 15
  m_PreserveMeshAssetOnDestroy: 0
  assetGuid: 
  m_Mesh: {fileID: 0}
  m_VersionIndex: 4260
  m_IsSelectable: 1
  m_SelectedFaces: 000000000100000002000000030000000400000005000000060000000700000008000000090000000a0000000b0000000c0000000d0000000e0000000f000000100000001100000012000000130000001400000015000000160000001700000018000000190000001a0000001b0000001c0000001d0000001e0000001f000000200000002100000022000000230000002400000025000000260000002700000028000000290000002a0000002b0000002c0000002d0000002e0000002f000000
  m_SelectedEdges:
  - a: 0
    b: 1
  - a: 2
    b: 0
  - a: 1
    b: 3
  - a: 3
    b: 2
  - a: 4
    b: 5
  - a: 6
    b: 4
  - a: 5
    b: 7
  - a: 7
    b: 6
  - a: 8
    b: 9
  - a: 10
    b: 8
  - a: 9
    b: 11
  - a: 11
    b: 10
  - a: 12
    b: 13
  - a: 14
    b: 12
  - a: 13
    b: 15
  - a: 15
    b: 14
  - a: 16
    b: 17
  - a: 18
    b: 16
  - a: 17
    b: 19
  - a: 19
    b: 18
  - a: 20
    b: 21
  - a: 22
    b: 20
  - a: 21
    b: 23
  - a: 23
    b: 22
  - a: 24
    b: 25
  - a: 26
    b: 24
  - a: 25
    b: 27
  - a: 27
    b: 26
  - a: 28
    b: 29
  - a: 30
    b: 28
  - a: 29
    b: 31
  - a: 31
    b: 30
  - a: 32
    b: 33
  - a: 34
    b: 32
  - a: 33
    b: 35
  - a: 35
    b: 34
  - a: 36
    b: 37
  - a: 38
    b: 36
  - a: 37
    b: 39
  - a: 39
    b: 38
  - a: 40
    b: 41
  - a: 42
    b: 40
  - a: 41
    b: 43
  - a: 43
    b: 42
  - a: 44
    b: 45
  - a: 46
    b: 44
  - a: 45
    b: 47
  - a: 47
    b: 46
  - a: 48
    b: 49
  - a: 50
    b: 48
  - a: 49
    b: 51
  - a: 51
    b: 50
  - a: 52
    b: 53
  - a: 54
    b: 52
  - a: 53
    b: 55
  - a: 55
    b: 54
  - a: 56
    b: 57
  - a: 58
    b: 56
  - a: 57
    b: 59
  - a: 59
    b: 58
  - a: 60
    b: 61
  - a: 62
    b: 60
  - a: 61
    b: 63
  - a: 63
    b: 62
  - a: 64
    b: 65
  - a: 66
    b: 64
  - a: 65
    b: 67
  - a: 67
    b: 66
  - a: 68
    b: 69
  - a: 70
    b: 68
  - a: 69
    b: 71
  - a: 71
    b: 70
  - a: 72
    b: 73
  - a: 74
    b: 72
  - a: 73
    b: 75
  - a: 75
    b: 74
  - a: 76
    b: 77
  - a: 78
    b: 76
  - a: 77
    b: 79
  - a: 79
    b: 78
  - a: 80
    b: 81
  - a: 82
    b: 80
  - a: 81
    b: 83
  - a: 83
    b: 82
  - a: 84
    b: 85
  - a: 86
    b: 84
  - a: 85
    b: 87
  - a: 87
    b: 86
  - a: 88
    b: 89
  - a: 90
    b: 88
  - a: 89
    b: 91
  - a: 91
    b: 90
  - a: 92
    b: 93
  - a: 94
    b: 92
  - a: 93
    b: 95
  - a: 95
    b: 94
  - a: 96
    b: 97
  - a: 98
    b: 96
  - a: 97
    b: 99
  - a: 99
    b: 98
  - a: 100
    b: 101
  - a: 102
    b: 100
  - a: 101
    b: 103
  - a: 103
    b: 102
  - a: 104
    b: 105
  - a: 106
    b: 104
  - a: 105
    b: 107
  - a: 107
    b: 106
  - a: 108
    b: 109
  - a: 110
    b: 108
  - a: 109
    b: 111
  - a: 111
    b: 110
  - a: 112
    b: 113
  - a: 114
    b: 112
  - a: 113
    b: 115
  - a: 115
    b: 114
  - a: 116
    b: 117
  - a: 118
    b: 116
  - a: 117
    b: 119
  - a: 119
    b: 118
  - a: 120
    b: 121
  - a: 122
    b: 120
  - a: 121
    b: 123
  - a: 123
    b: 122
  - a: 124
    b: 125
  - a: 126
    b: 124
  - a: 125
    b: 127
  - a: 127
    b: 126
  - a: 130
    b: 129
  - a: 129
    b: 128
  - a: 128
    b: 130
  - a: 136
    b: 135
  - a: 135
    b: 134
  - a: 134
    b: 136
  - a: 142
    b: 141
  - a: 141
    b: 140
  - a: 140
    b: 142
  - a: 148
    b: 147
  - a: 147
    b: 146
  - a: 146
    b: 148
  - a: 154
    b: 153
  - a: 153
    b: 152
  - a: 152
    b: 154
  - a: 160
    b: 159
  - a: 159
    b: 158
  - a: 158
    b: 160
  - a: 166
    b: 165
  - a: 165
    b: 164
  - a: 164
    b: 166
  - a: 172
    b: 171
  - a: 171
    b: 170
  - a: 170
    b: 172
  - a: 131
    b: 132
  - a: 132
    b: 133
  - a: 133
    b: 131
  - a: 137
    b: 138
  - a: 138
    b: 139
  - a: 139
    b: 137
  - a: 143
    b: 144
  - a: 144
    b: 145
  - a: 145
    b: 143
  - a: 149
    b: 150
  - a: 150
    b: 151
  - a: 151
    b: 149
  - a: 155
    b: 156
  - a: 156
    b: 157
  - a: 157
    b: 155
  - a: 161
    b: 162
  - a: 162
    b: 163
  - a: 163
    b: 161
  - a: 167
    b: 168
  - a: 168
    b: 169
  - a: 169
    b: 167
  - a: 173
    b: 174
  - a: 174
    b: 175
  - a: 175
    b: 173
  m_SelectedVertices: 000000000100000002000000030000000400000005000000060000000700000008000000090000000a0000000b0000000c0000000d0000000e0000000f000000100000001100000012000000130000001400000015000000160000001700000018000000190000001a0000001b0000001c0000001d0000001e0000001f000000200000002100000022000000230000002400000025000000260000002700000028000000290000002a0000002b0000002c0000002d0000002e0000002f000000300000003100000032000000330000003400000035000000360000003700000038000000390000003a0000003b0000003c0000003d0000003e0000003f000000400000004100000042000000430000004400000045000000460000004700000048000000490000004a0000004b0000004c0000004d0000004e0000004f000000500000005100000052000000530000005400000055000000560000005700000058000000590000005a0000005b0000005c0000005d0000005e0000005f000000600000006100000062000000630000006400000065000000660000006700000068000000690000006a0000006b0000006c0000006d0000006e0000006f000000700000007100000072000000730000007400000075000000760000007700000078000000790000007a0000007b0000007c0000007d0000007e0000007f0000008200000081000000800000008800000087000000860000008e0000008d0000008c0000009400000093000000920000009a0000009900000098000000a00000009f0000009e000000a6000000a5000000a4000000ac000000ab000000aa000000830000008400000085000000890000008a0000008b0000008f00000090000000910000009500000096000000970000009b0000009c0000009d000000a1000000a2000000a3000000a7000000a8000000a9000000ad000000ae000000af000000
--- !u!23 &8594858085902548693
MeshRenderer:
  m_ObjectHideFlags: 0
  m_CorrespondingSourceObject: {fileID: 0}
  m_PrefabInstance: {fileID: 0}
  m_PrefabAsset: {fileID: 0}
  m_GameObject: {fileID: 92826605181409008}
  m_Enabled: 1
  m_CastShadows: 1
  m_ReceiveShadows: 1
  m_DynamicOccludee: 1
  m_StaticShadowCaster: 0
  m_MotionVectors: 1
  m_LightProbeUsage: 1
  m_ReflectionProbeUsage: 1
  m_RayTracingMode: 2
  m_RayTraceProcedural: 0
  m_RenderingLayerMask: 1
  m_RendererPriority: 0
  m_Materials:
  - {fileID: 2100000, guid: 09a83961ccb697c48ac58998ee51e8ef, type: 2}
  m_StaticBatchInfo:
    firstSubMesh: 0
    subMeshCount: 0
  m_StaticBatchRoot: {fileID: 0}
  m_ProbeAnchor: {fileID: 0}
  m_LightProbeVolumeOverride: {fileID: 0}
  m_ScaleInLightmap: 1
  m_ReceiveGI: 1
  m_PreserveUVs: 0
  m_IgnoreNormalsForChartDetection: 0
  m_ImportantGI: 0
  m_StitchLightmapSeams: 1
  m_SelectedEditorRenderState: 2
  m_MinimumChartSize: 4
  m_AutoUVMaxDistance: 0.5
  m_AutoUVMaxAngle: 89
  m_LightmapParameters: {fileID: 0}
  m_SortingLayerID: 0
  m_SortingLayer: 0
  m_SortingOrder: 0
  m_AdditionalVertexStreams: {fileID: 0}
--- !u!33 &6761497052831793788
MeshFilter:
  m_ObjectHideFlags: 0
  m_CorrespondingSourceObject: {fileID: 0}
  m_PrefabInstance: {fileID: 0}
  m_PrefabAsset: {fileID: 0}
  m_GameObject: {fileID: 92826605181409008}
  m_Mesh: {fileID: 0}
--- !u!64 &1181104552697728858
MeshCollider:
  m_ObjectHideFlags: 0
  m_CorrespondingSourceObject: {fileID: 0}
  m_PrefabInstance: {fileID: 0}
  m_PrefabAsset: {fileID: 0}
  m_GameObject: {fileID: 92826605181409008}
  m_Material: {fileID: 0}
  m_IsTrigger: 0
  m_Enabled: 1
  serializedVersion: 4
  m_Convex: 0
  m_CookingOptions: 30
  m_Mesh: {fileID: 0}
